@inproceedings{scene_graph,
  title={Image Retrieval using Scene Graphs},
  author={Johnson, Justin and Krishna, Ranjay and Stark, Michael and Li, Li-Jia and Shamma, David and Bernstein, Michael and Fei-Fei, Li},
  booktitle={Proceedings of the IEEE Conference on Computer Vision and Pattern Recognition},
  pages={3668--3678},
  year={2015}
}