@inproceedings{scene_graph,
  title={Image Retrieval using Scene Graphs},
  author={Johnson and others},
  booktitle={Proceedings of the IEEE Conference on Computer Vision and Pattern Recognition},
  pages={3668--3678},
  year={2015}
}
@article{lstm,
  title={Long short-term memory},
  author={Hochreiter and others},
  journal={Neural computation},
  volume={9},
  number={8},
  pages={1735--1780},
  year={1997},
  publisher={MIT Press}
}
@inproceedings{language_prior,
  title={Visual relationship detection with language priors},
  author={Lu and others},
  booktitle={European Conference on Computer Vision},
  pages={852--869},
  year={2016},
  organization={Springer}
}

@inproceedings{visual_genome,
  title={Visual Genome: Connecting Language and Vision Using Crowdsourced Dense Image Annotations},
  author={Krishna and others},
  year = {2016},
  url = {https://arxiv.org/abs/1602.07332},
}