@inproceedings{scene_graph,
  title={Image Retrieval using Scene Graphs},
  author={Johnson, Justin and Krishna, Ranjay and Stark, Michael and Li, Li-Jia and Shamma, David and Bernstein, Michael and Fei-Fei, Li},
  booktitle={Proceedings of the IEEE Conference on Computer Vision and Pattern Recognition},
  pages={3668--3678},
  year={2015}
}
@article{lstm,
  title={Long short-term memory},
  author={Hochreiter, Sepp and Schmidhuber, J{\"u}rgen},
  journal={Neural computation},
  volume={9},
  number={8},
  pages={1735--1780},
  year={1997},
  publisher={MIT Press}
}