
@inproceedings{scene_graph,
  title={Image Retrieval using Scene Graphs},
  author={Johnson and others},
  booktitle={Proceedings of the IEEE Conference on Computer Vision and Pattern Recognition},
  pages={3668--3678},
  year={2015}
}
@article{lstm,
  title={Long short-term memory},
  author={Hochreiter and others},
  journal={Neural computation},
  volume={9},
  number={8},
  pages={1735--1780},
  year={1997},
  publisher={MIT Press}
}
@inproceedings{language_prior,
  title={Visual relationship detection with language priors},
  author={Lu and others},
  booktitle={European Conference on Computer Vision},
  pages={852--869},
  year={2016},
  organization={Springer}
}

@inproceedings{visual_genome,
  title={Visual Genome: Connecting Language and Vision Using Crowdsourced Dense Image Annotations},
  author={Krishna and others},
  year = {2016},
  url = {https://arxiv.org/abs/1602.07332},
}@Article{McCarthy60,
  author = {John McCarthy},
  title = {Recursive functions of symbolic expressions and their computation by machine},
  journal = {Communications of the ACM},
  volume = {3},
  number = {4},
  pages = {184--195},
  year = {1960}
}
@article{92795,
 author = {Evgenia Sendova},
 title = {Are there rules for creative-teaching informatics?},
 journal = {T.H.E. Journal},
 volume = {17},
 number = {5},
 year = {1990},
 issn = {0192-592X},
 pages = {68--70},
 publisher = {T.H.E. Journal},
 address = {Tustin, CA, USA},
 }
 
@Book{Knuth86,
  title =	 {The \TeX book},
  juratitle =	 {\TeX book},
  address =	 {Reading, MA},
  year =	 1986,
  author =	 {Donald Knuth},
  juraauthor =	 {Knuth},
  publisher =	 {Addison-Wesley}
}

@inproceedings{BollenHHJ07,
  author    = {Lars Bollen and
               Andreas Harrer and
               Heinz Ulrich Hoppe and
               Wouter R. van Joolingen},
  title     = {A Broker Architecture for Integration of Heterogeneous Applications
               for Inquiry Learning},
  booktitle     = {Proceedings of the 7th IEEE International Conference on
               Advanced Learning Technologies},
  year      = {2007},
  pages     = {15-17},
}

@book{Okumura07,
    author    = "奥村 晴彦",
    yomi      = "Haruhiko Okumura",
    title     = "［改訂第4版］{\LaTeXe}美文書作成入門",
    publisher = "技術評論社",
    isbn      = "978-4-7741-2984-6",
    year      = 2007,
}

@Article{ON06,
  title = {情報空間におけるセキュリティとセンシング},
  author = {沖野 浩二 and 南保 英孝},
  journal = {電気学会誌},
  volume = {126},
  number = {1},
  year = {2006},
  pages = {20--23}
}

@misc{CI08,
  title = {創造情報学専攻ウェブページ},
  howpublished = {\url{http://www.ci.i.u-tokyo.ac.jp/top/index.html}},
  year = {2008}
}

@misc{CI08e,
  title = {{Creative Informatics} web page},
  howpublished = {\url{http://www.ci.i.u-tokyo.ac.jp/top/index.html}},
  year = {2008}
}

@incollection{supervised-rnn,
  title={Neural Networks},
  author={Graves, Alex},
  booktitle={Supervised Sequence Labelling with Recurrent Neural Networks},
  pages={15--35},
  year={2012},
  publisher={Springer}
}

@misc{vanishing-gradient,
  title={Gradient flow in recurrent nets: the difficulty of learning long-term dependencies},
  author={Hochreiter, Sepp and Bengio, Yoshua and Frasconi, Paolo and Schmidhuber, J{\"u}rgen},
  year={2001},
  booktiitle={A field guide to dynamical recurrent neural networks.},
  publisher={IEEE Press}
}
@article{protein,
  title={Fast model-based protein homology detection without alignment},
  author={Hochreiter, Sepp and Heusel, Martin and Obermayer, Klaus},
  journal={Bioinformatics},
  volume={23},
  number={14},
  pages={1728--1736},
  year={2007},
  publisher={Oxford Univ Press}
}

@inproceedings{reinforcement,
  title={Reinforcement Learning with Long Short-Term Memory.},
  author={Bakker, Bram},
  booktitle={Proceedings of Advances in Neural Information Processing Systems (NIPS)},
  pages={1475--1482},
  year={2001}
}

@inproceedings{handwriting,
  title={Handwriting recognition of whiteboard notes},
  author={Liwicki, Marcus and Bunke, Horst},
  booktitle={Proc. 12th Conf. of the Int. Graphonomics Society},
  pages={118--122},
  year={2005}
}

@article{bptt,
  title={Gradient-based learning algorithms for recurrent networks and their computational complexity},
  author={Williams, Ronald J and Zipser, David},
  journal={Back-propagation: Theory, architectures and applications},
  pages={433--486},
  year={1995}
}

@inproceedings{krizhevsky2012imagenet,
  title={Imagenet classification with deep convolutional neural networks},
  author={Krizhevsky, Alex and Sutskever, Ilya and Hinton, Geoffrey E},
  booktitle={Advances in Neural Information Processing Systems (NIPS)},
  pages={1097--1105},
  year={2012}
}
@inproceedings{dalal2005histograms,
  title={Histograms of oriented gradients for human detection},
  author={Dalal, Navneet and Triggs, Bill},
  booktitle={Proceedings of the IEEE Computer Vision and Pattern Recognition (CVPR)},
  volume={1},
  pages={886--893},
  year={2005},
  organization={IEEE}
}
@inproceedings{deng2009imagenet,
  title={Imagenet: A large-scale hierarchical image database},
  author={Deng, Jia and Dong, Wei and Socher, Richard and Li, Li-Jia and Li, Kai and Fei-Fei, Li},
  booktitle={Proceedings of the IEEE Conference on Computer Vision and Pattern Recognition (CVPR)},
  pages={248--255},
  year={2009},
  organization={IEEE}
}
@InProceedings{Oquab_2014_CVPR,
author = {Oquab, Maxime and Bottou, Leon and Laptev, Ivan and Sivic, Josef},
title = {Learning and Transferring Mid-Level Image Representations using Convolutional Neural Networks},
booktitle = {Proceedings of the IEEE Conference on Computer Vision and Pattern Recognition (CVPR)},
month = {June},
year = {2014}
}

@inproceedings{tsochantaridis2004support,
  title={Support vector machine learning for interdependent and structured output spaces},
  author={Tsochantaridis, Ioannis and Hofmann, Thomas and Joachims, Thorsten and Altun, Yasemin},
  booktitle={Proceedings of the International Conference on Machine Learning (ICML)},
  pages={104},
  year={2004},
  organization={ACM}
}
@inproceedings{lin2014microsoft,
  title={Microsoft coco: Common objects in context},
  author={Lin, Tsung-Yi and Maire, Michael and Belongie, Serge and Hays, James and Perona, Pietro and Ramanan, Deva and Doll{\'a}r, Piotr and Zitnick, C Lawrence},
  booktitle={European Conference on Computer Vision (ECCV)},
  pages={740--755},
  year={2014},
  organization={Springer}
}

@misc{girshick2012discriminatively,
  title={Discriminatively trained deformable part models, release 5},
  author={Girshick, Ross B and Felzenszwalb, Pedro F and McAllester, David},
  year={2012}
}
@article{mikolov2013efficient,
  title={Efficient estimation of word representations in vector space},
  author={Mikolov, Tomas and Chen, Kai and Corrado, Greg and Dean, Jeffrey},
  journal={arXiv preprint arXiv:1301.3781},
  year={2013}
}
@article{fei2006one,
  title={One-shot learning of object categories},
  author={Fei-Fei, Li and Fergus, Rob and Perona, Pietro},
  journal={The IEEE Transactions on Pattern Analysis and Machine Intelligence},
  volume={28},
  number={4},
  pages={594--611},
  year={2006},
  publisher={IEEE}
}
@InProceedings{Erhan_2014_CVPR,
author = {Erhan, Dumitru and Szegedy, Christian and Toshev, Alexander and Anguelov, Dragomir},
title = {Scalable Object Detection using Deep Neural Networks},
booktitle = {Proceedings of the IEEE Conference on Computer Vision and Pattern Recognition (CVPR)},
month = {June},
year = {2014}
}
@article{ILSVRC15,
Author = {Olga Russakovsky and Jia Deng and Hao Su and Jonathan Krause and Sanjeev Satheesh and Sean Ma and Zhiheng Huang and Andrej Karpathy and Aditya Khosla and Michael Bernstein and Alexander C. Berg and Li Fei-Fei},
Title = {{ImageNet Large Scale Visual Recognition Challenge}},
Year = {2015},
journal   = {International Journal of Computer Vision (IJCV)},
doi = {10.1007/s11263-015-0816-y},
volume={115},
number={3},
pages={211-252}
}
@article{mao2014explain,
  title={Explain images with multimodal recurrent neural networks},
  author={Mao, Junhua and Xu, Wei and Yang, Yi and Wang, Jiang and Yuille, Alan L},
  journal={arXiv preprint arXiv:1410.1090},
  year={2014}
}
@article{kiros2014unifying,
  title={Unifying visual-semantic embeddings with multimodal neural language models},
  author={Kiros, Ryan and Salakhutdinov, Ruslan and Zemel, Richard S},
  journal={arXiv preprint arXiv:1411.2539},
  year={2014}
}
@InProceedings{Donahue_2015_CVPR,
author = {Donahue, Jeffrey and Anne Hendricks, Lisa and Guadarrama, Sergio and Rohrbach, Marcus and Venugopalan, Subhashini and Saenko, Kate and Darrell, Trevor},
title = {Long-Term Recurrent Convolutional Networks for Visual Recognition and Description},
booktitle = {Proceedings of the IEEE Conference on Computer Vision and Pattern Recognition (CVPR)},
month = {June},
year = {2015}
}
@inproceedings{vinyals2015show,
  title={Show and tell: A neural image caption generator},
  author={Vinyals, Oriol and Toshev, Alexander and Bengio, Samy and Erhan, Dumitru},
  booktitle={Proceedings of the IEEE Conference on Computer Vision and Pattern Recognition (CVPR)},
  pages={3156--3164},
  year={2015}
}
@article{venugopalan2014translating,
  title={Translating videos to natural language using deep recurrent neural networks},
  author={Venugopalan, Subhashini and Xu, Huijuan and Donahue, Jeff and Rohrbach, Marcus and Mooney, Raymond and Saenko, Kate},
  journal={arXiv preprint arXiv:1412.4729},
  year={2014}
}
@article{chen2014learning,
  title={Learning a recurrent visual representation for image caption generation},
  author={Chen, Xinlei and Zitnick, C Lawrence},
  journal={arXiv preprint arXiv:1411.5654},
  year={2014}
}
@inproceedings{fang2015captions,
  title={From captions to visual concepts and back},
  author={Fang, Hao and Gupta, Saurabh and Iandola, Forrest and Srivastava, Rupesh K and Deng, Li and Doll{\'a}r, Piotr and Gao, Jianfeng and He, Xiaodong and Mitchell, Margaret and Platt, John C and others},
  booktitle={Proceedings of the IEEE Conference on Computer Vision and Pattern Recognition (CVPR)},
  pages={1473--1482},
  year={2015}
}
@article{cho2014learning,
  title={Learning phrase representations using RNN encoder-decoder for statistical machine translation},
  author={Cho, Kyunghyun and Van Merri{\"e}nboer, Bart and Gulcehre, Caglar and Bahdanau, Dzmitry and Bougares, Fethi and Schwenk, Holger and Bengio, Yoshua},
  journal={arXiv preprint arXiv:1406.1078},
  year={2014}
}
@article{koutnik2014clockwork,
  title={A clockwork rnn},
  author={Koutnik, Jan and Greff, Klaus and Gomez, Faustino and Schmidhuber, Juergen},
  journal={arXiv preprint arXiv:1402.3511},
  year={2014}
}
@article{rumelhart1988learning,
  title={Learning representations by back-propagating errors},
  author={Rumelhart, David E and Hinton, Geoffrey E and Williams, Ronald J},
  journal={Cognitive modeling},
  volume={5},
  number={3},
  pages={1},
  year={1988}
}
@incollection{bottou2010large,
  title={Large-scale machine learning with stochastic gradient descent},
  author={Bottou, L{\'e}on},
  booktitle={Proceedings of International Conference on Computational Statistics (COMPSTAT)},
  pages={177--186},
  year={2010},
  publisher={Springer}
}
@inproceedings{jin2016annotation,
  title={Annotation order matters: Recurrent image annotator for arbitrary length image tagging},
  author={Jin, Jiren and Nakayama, Hideki},
  booktitle={Proceedings of International Conference on Pattern Recognition (ICPR)},
  volume={1},
  number={2},
  pages={3},
  year={2016}
}
@article{Johnson,
author = {Johnson, Justin and others},
journal = {CVPR},
pages = {3668----3678},
title = {{Image Retrieval using Scene Graphs}},
year = {2015}
}
@article{krishnavisualgenome,
  title={Visual genome: Connecting language and vision using crowdsourced dense image annotations},
  author={Krishna, Ranjay and others},
  journal={arXiv preprint arXiv:1602.07332},
  year={2016}
}
@article{CewuLuRanjayKrishnaMichaelBernstein,
archivePrefix = {arXiv},
arxivId = {1608.00187},
author = {Cewu, Lu and others},
eprint = {1608.00187},
journal = {ECCV},
pages = {852----869},
title = {{Visual Relationship Detection with Language Priors}},
year = {2016}
}

@article{Atzmon2016,
archivePrefix = {arXiv},
arxivId = {1608.07639},
author = {Atzmon, Yuval and others},
eprint = {1608.07639},
journal = {arXiv preprint arXiv:1608.07639},
title = {{Learning to generalize to new compositions in image understanding}},
url = {http://arxiv.org/abs/1608.07639},
year = {2016}
}
@article{Rumelhart1986,
archivePrefix = {arXiv},
arxivId = {arXiv:1011.1669v3},
author = {Rumelhart, David E. and Hinton, Geoffrey E. and Williams, Ronald J.},
doi = {10.1038/323533a0},
eprint = {arXiv:1011.1669v3},
isbn = {0262661160},
issn = {0028-0836},
journal = {Nature},
number = {6088},
pages = {533--536},
pmid = {134},
title = {{Learning representations by back-propagating errors}},
url = {http://books.google.com/books?hl=en{\&}lr={\&}id=FJblV{\_}iOPjIC{\&}oi=fnd{\&}pg=PA213{\&}dq=Learning+representations+by+back-propagating+errors{\&}ots=zZDj2mGYVQ{\&}sig=mcyEACaE{\_}ZB4FB4xsoTgXgcbE2g{\%}5Cnhttp://books.google.com/books?hl=en{\&}lr={\&}id=FJblV{\_}iOPjIC{\&}oi=fnd{\&}pg=PA213{\&}dq=Learn},
volume = {323},
year = {1986}
}
@article{Graves2008,
archivePrefix = {arXiv},
arxivId = {arXiv:1308.0850v1},
author = {Graves, Alex},
doi = {10.1007/978-3-642-24797-2},
eprint = {arXiv:1308.0850v1},
isbn = {2000201075},
issn = {01406736},
journal = {Image Rochester NY},
pages = {124},
pmid = {7491034},
title = {{Supervised Sequence Labelling with Recurrent Neural Networks}},
url = {http://scholar.google.com/scholar?hl=en{\&}btnG=Search{\&}q=intitle:with+Recurrent+Neural+Networks{\#}0{\%}5Cnhttp://books.google.com/books?hl=en{\&}lr={\&}id=4UauNDGQWN4C{\&}oi=fnd{\&}pg=PR1{\&}dq=Supervised+Sequence+Labelling+with+Recurrent+Neural+Networks{\&}ots=IIDL6-VEua{\&}sig=0kOE},
year = {2008}
}

@article{Simonyan2014,
archivePrefix = {arXiv},
arxivId = {1409.1556},
author = {Simonyan, Karen and Zisserman, Andrew},
doi = {10.1016/j.infsof.2008.09.005},
eprint = {1409.1556},
isbn = {0950-5849},
issn = {09505849},
journal = {ImageNet Challenge},
keywords = {cnn,deep,dnn},
mendeley-tags = {cnn,deep,dnn},
pages = {1--10},
title = {{Very Deep Convolutional Networks for Large-Scale Image Recognition}},
url = {http://arxiv.org/abs/1409.1556},
year = {2014}
}
@article{He2015a,
archivePrefix = {arXiv},
arxivId = {1512.03385},
author = {He, Kaiming and Zhang, Xiangyu and Ren, Shaoqing and Sun, Jian},
doi = {10.3389/fpsyg.2013.00124},
eprint = {1512.03385},
isbn = {978-1-4673-6964-0},
issn = {1664-1078},
journal = {Arxiv.Org},
keywords = {deep learning,denoising auto-encoder,image denoising},
number = {3},
pages = {171--180},
pmid = {23554596},
title = {{Deep Residual Learning for Image Recognition}},
url = {http://arxiv.org/pdf/1512.03385v1.pdf},
volume = {7},
year = {2015}
}
@article{Nowozin2010,
author = {Nowozin, Sebastian},
doi = {10.1561/0600000033},
isbn = {978-1601984562},
issn = {1572-2740},
journal = {Foundations and Trends{\textregistered} in Computer Graphics and Vision},
number = {3-4},
pages = {185--365},
title = {{05 - Structured Learning and Prediction in Computer Vision}},
volume = {6},
year = {2010}
}
@article{Xu2015,
  title={Show, attend and tell: Neural image caption generation with visual attention},
  author={Xu, Kelvin and Ba, Jimmy and Kiros, Ryan and Cho, Kyunghyun and Courville, Aaron and Salakhutdinov, Ruslan and Zemel, Richard S and Bengio, Yoshua},
  journal={arXiv preprint arXiv:1502.03044},
  volume={2},
  number={3},
  pages={5},
  year={2015},
  publisher={CoRR}
}
@inproceedings{Karpathy2015,
  title={Deep visual-semantic alignments for generating image descriptions},
  author={Karpathy, Andrej and Fei-Fei, Li},
  booktitle={Proceedings of the IEEE Conference on Computer Vision and Pattern Recognition (CVPR)},
  pages={3128--3137},
  year={2015}
}
@inproceedings{Sadeghi2011,
  title={Recognition using visual phrases},
  author={Sadeghi, Mohammad Amin and others},
  booktitle={CVPR},
  pages={1745--1752},
  year={2011},
  organization={IEEE}
}
@inproceedings{Girshick2015,
  title={Fast r-cnn},
  author={Girshick, Ross},
  booktitle={Proceedings of the IEEE International Conference on Computer Vision (ICCV)},
  pages={1440--1448},
  year={2015}
}
@inproceedings{Ren2015a,
  title={Faster R-CNN: Towards real-time object detection with region proposal networks},
  author={Ren, Shaoqing and He, Kaiming and Girshick, Ross and Sun, Jian},
  booktitle={Advances in Neural Information Processing Systems (NIPS)},
  pages={91--99},
  year={2015}
}
@inproceedings{Erhan2014,
  title={Scalable object detection using deep neural networks},
  author={Erhan, Dumitru and Szegedy, Christian and Toshev, Alexander and Anguelov, Dragomir},
  booktitle={Proceedings of the IEEE Conference on Computer Vision and Pattern Recognition (CVPR)},
  pages={2147--2154},
  year={2014}
}
@article{Romera-Paredes2015-instance-segmentation,
  title={Recurrent instance segmentation},
  author={Romera-Paredes, Bernardino and Torr, Philip HS},
  journal={arXiv preprint arXiv:1511.08250},
  year={2015}
}@inproceedings{scene_graph,
  title={Image Retrieval using Scene Graphs},
  author={Johnson and others},
  booktitle={Proceedings of the IEEE Conference on Computer Vision and Pattern Recognition},
  pages={3668--3678},
  year={2015}
}
@article{lstm,
  title={Long short-term memory},
  author={Hochreiter and others},
  journal={Neural computation},
  volume={9},
  number={8},
  pages={1735--1780},
  year={1997},
  publisher={MIT Press}
}
@inproceedings{language_prior,
  title={Visual relationship detection with language priors},
  author={Lu and others},
  booktitle={European Conference on Computer Vision},
  pages={852--869},
  year={2016},
  organization={Springer}
}

@inproceedings{visual_genome,
  title={Visual Genome: Connecting Language and Vision Using Crowdsourced Dense Image Annotations},
  author={Krishna and others},
  year = {2016},
  url = {https://arxiv.org/abs/1602.07332},
}@Article{McCarthy60,
  author = {John McCarthy},
  title = {Recursive functions of symbolic expressions and their computation by machine},
  journal = {Communications of the ACM},
  volume = {3},
  number = {4},
  pages = {184--195},
  year = {1960}
}
@article{92795,
 author = {Evgenia Sendova},
 title = {Are there rules for creative-teaching informatics?},
 journal = {T.H.E. Journal},
 volume = {17},
 number = {5},
 year = {1990},
 issn = {0192-592X},
 pages = {68--70},
 publisher = {T.H.E. Journal},
 address = {Tustin, CA, USA},
 }
 
@Book{Knuth86,
  title =	 {The \TeX book},
  juratitle =	 {\TeX book},
  address =	 {Reading, MA},
  year =	 1986,
  author =	 {Donald Knuth},
  juraauthor =	 {Knuth},
  publisher =	 {Addison-Wesley}
}

@inproceedings{BollenHHJ07,
  author    = {Lars Bollen and
               Andreas Harrer and
               Heinz Ulrich Hoppe and
               Wouter R. van Joolingen},
  title     = {A Broker Architecture for Integration of Heterogeneous Applications
               for Inquiry Learning},
  booktitle     = {Proceedings of the 7th IEEE International Conference on
               Advanced Learning Technologies},
  year      = {2007},
  pages     = {15-17},
}

@book{Okumura07,
    author    = "奥村 晴彦",
    yomi      = "Haruhiko Okumura",
    title     = "［改訂第4版］{\LaTeXe}美文書作成入門",
    publisher = "技術評論社",
    isbn      = "978-4-7741-2984-6",
    year      = 2007,
}

@Article{ON06,
  title = {情報空間におけるセキュリティとセンシング},
  author = {沖野 浩二 and 南保 英孝},
  journal = {電気学会誌},
  volume = {126},
  number = {1},
  year = {2006},
  pages = {20--23}
}

@misc{CI08,
  title = {創造情報学専攻ウェブページ},
  howpublished = {\url{http://www.ci.i.u-tokyo.ac.jp/top/index.html}},
  year = {2008}
}

@misc{CI08e,
  title = {{Creative Informatics} web page},
  howpublished = {\url{http://www.ci.i.u-tokyo.ac.jp/top/index.html}},
  year = {2008}
}

@incollection{supervised-rnn,
  title={Neural Networks},
  author={Graves, Alex},
  booktitle={Supervised Sequence Labelling with Recurrent Neural Networks},
  pages={15--35},
  year={2012},
  publisher={Springer}
}

@misc{vanishing-gradient,
  title={Gradient flow in recurrent nets: the difficulty of learning long-term dependencies},
  author={Hochreiter, Sepp and Bengio, Yoshua and Frasconi, Paolo and Schmidhuber, J{\"u}rgen},
  year={2001},
  booktiitle={A field guide to dynamical recurrent neural networks.},
  publisher={IEEE Press}
}
@article{protein,
  title={Fast model-based protein homology detection without alignment},
  author={Hochreiter, Sepp and Heusel, Martin and Obermayer, Klaus},
  journal={Bioinformatics},
  volume={23},
  number={14},
  pages={1728--1736},
  year={2007},
  publisher={Oxford Univ Press}
}

@inproceedings{reinforcement,
  title={Reinforcement Learning with Long Short-Term Memory.},
  author={Bakker, Bram},
  booktitle={Proceedings of Advances in Neural Information Processing Systems (NIPS)},
  pages={1475--1482},
  year={2001}
}

@inproceedings{handwriting,
  title={Handwriting recognition of whiteboard notes},
  author={Liwicki, Marcus and Bunke, Horst},
  booktitle={Proc. 12th Conf. of the Int. Graphonomics Society},
  pages={118--122},
  year={2005}
}

@article{bptt,
  title={Gradient-based learning algorithms for recurrent networks and their computational complexity},
  author={Williams, Ronald J and Zipser, David},
  journal={Back-propagation: Theory, architectures and applications},
  pages={433--486},
  year={1995}
}

@inproceedings{krizhevsky2012imagenet,
  title={Imagenet classification with deep convolutional neural networks},
  author={Krizhevsky, Alex and Sutskever, Ilya and Hinton, Geoffrey E},
  booktitle={Advances in Neural Information Processing Systems (NIPS)},
  pages={1097--1105},
  year={2012}
}
@inproceedings{dalal2005histograms,
  title={Histograms of oriented gradients for human detection},
  author={Dalal, Navneet and Triggs, Bill},
  booktitle={Proceedings of the IEEE Computer Vision and Pattern Recognition (CVPR)},
  volume={1},
  pages={886--893},
  year={2005},
  organization={IEEE}
}
@inproceedings{deng2009imagenet,
  title={Imagenet: A large-scale hierarchical image database},
  author={Deng, Jia and Dong, Wei and Socher, Richard and Li, Li-Jia and Li, Kai and Fei-Fei, Li},
  booktitle={Proceedings of the IEEE Conference on Computer Vision and Pattern Recognition (CVPR)},
  pages={248--255},
  year={2009},
  organization={IEEE}
}
@InProceedings{Oquab_2014_CVPR,
author = {Oquab, Maxime and Bottou, Leon and Laptev, Ivan and Sivic, Josef},
title = {Learning and Transferring Mid-Level Image Representations using Convolutional Neural Networks},
booktitle = {Proceedings of the IEEE Conference on Computer Vision and Pattern Recognition (CVPR)},
month = {June},
year = {2014}
}

@inproceedings{tsochantaridis2004support,
  title={Support vector machine learning for interdependent and structured output spaces},
  author={Tsochantaridis, Ioannis and Hofmann, Thomas and Joachims, Thorsten and Altun, Yasemin},
  booktitle={Proceedings of the International Conference on Machine Learning (ICML)},
  pages={104},
  year={2004},
  organization={ACM}
}
@inproceedings{lin2014microsoft,
  title={Microsoft coco: Common objects in context},
  author={Lin, Tsung-Yi and Maire, Michael and Belongie, Serge and Hays, James and Perona, Pietro and Ramanan, Deva and Doll{\'a}r, Piotr and Zitnick, C Lawrence},
  booktitle={European Conference on Computer Vision (ECCV)},
  pages={740--755},
  year={2014},
  organization={Springer}
}

@misc{girshick2012discriminatively,
  title={Discriminatively trained deformable part models, release 5},
  author={Girshick, Ross B and Felzenszwalb, Pedro F and McAllester, David},
  year={2012}
}
@article{mikolov2013efficient,
  title={Efficient estimation of word representations in vector space},
  author={Mikolov, Tomas and Chen, Kai and Corrado, Greg and Dean, Jeffrey},
  journal={arXiv preprint arXiv:1301.3781},
  year={2013}
}
@article{fei2006one,
  title={One-shot learning of object categories},
  author={Fei-Fei, Li and Fergus, Rob and Perona, Pietro},
  journal={The IEEE Transactions on Pattern Analysis and Machine Intelligence},
  volume={28},
  number={4},
  pages={594--611},
  year={2006},
  publisher={IEEE}
}
@InProceedings{Erhan_2014_CVPR,
author = {Erhan, Dumitru and Szegedy, Christian and Toshev, Alexander and Anguelov, Dragomir},
title = {Scalable Object Detection using Deep Neural Networks},
booktitle = {Proceedings of the IEEE Conference on Computer Vision and Pattern Recognition (CVPR)},
month = {June},
year = {2014}
}
@article{ILSVRC15,
Author = {Olga Russakovsky and Jia Deng and Hao Su and Jonathan Krause and Sanjeev Satheesh and Sean Ma and Zhiheng Huang and Andrej Karpathy and Aditya Khosla and Michael Bernstein and Alexander C. Berg and Li Fei-Fei},
Title = {{ImageNet Large Scale Visual Recognition Challenge}},
Year = {2015},
journal   = {International Journal of Computer Vision (IJCV)},
doi = {10.1007/s11263-015-0816-y},
volume={115},
number={3},
pages={211-252}
}
@article{mao2014explain,
  title={Explain images with multimodal recurrent neural networks},
  author={Mao, Junhua and Xu, Wei and Yang, Yi and Wang, Jiang and Yuille, Alan L},
  journal={arXiv preprint arXiv:1410.1090},
  year={2014}
}
@article{kiros2014unifying,
  title={Unifying visual-semantic embeddings with multimodal neural language models},
  author={Kiros, Ryan and Salakhutdinov, Ruslan and Zemel, Richard S},
  journal={arXiv preprint arXiv:1411.2539},
  year={2014}
}
@InProceedings{Donahue_2015_CVPR,
author = {Donahue, Jeffrey and Anne Hendricks, Lisa and Guadarrama, Sergio and Rohrbach, Marcus and Venugopalan, Subhashini and Saenko, Kate and Darrell, Trevor},
title = {Long-Term Recurrent Convolutional Networks for Visual Recognition and Description},
booktitle = {Proceedings of the IEEE Conference on Computer Vision and Pattern Recognition (CVPR)},
month = {June},
year = {2015}
}
@inproceedings{vinyals2015show,
  title={Show and tell: A neural image caption generator},
  author={Vinyals, Oriol and Toshev, Alexander and Bengio, Samy and Erhan, Dumitru},
  booktitle={Proceedings of the IEEE Conference on Computer Vision and Pattern Recognition (CVPR)},
  pages={3156--3164},
  year={2015}
}
@article{venugopalan2014translating,
  title={Translating videos to natural language using deep recurrent neural networks},
  author={Venugopalan, Subhashini and Xu, Huijuan and Donahue, Jeff and Rohrbach, Marcus and Mooney, Raymond and Saenko, Kate},
  journal={arXiv preprint arXiv:1412.4729},
  year={2014}
}
@article{chen2014learning,
  title={Learning a recurrent visual representation for image caption generation},
  author={Chen, Xinlei and Zitnick, C Lawrence},
  journal={arXiv preprint arXiv:1411.5654},
  year={2014}
}
@inproceedings{fang2015captions,
  title={From captions to visual concepts and back},
  author={Fang, Hao and Gupta, Saurabh and Iandola, Forrest and Srivastava, Rupesh K and Deng, Li and Doll{\'a}r, Piotr and Gao, Jianfeng and He, Xiaodong and Mitchell, Margaret and Platt, John C and others},
  booktitle={Proceedings of the IEEE Conference on Computer Vision and Pattern Recognition (CVPR)},
  pages={1473--1482},
  year={2015}
}
@article{cho2014learning,
  title={Learning phrase representations using RNN encoder-decoder for statistical machine translation},
  author={Cho, Kyunghyun and Van Merri{\"e}nboer, Bart and Gulcehre, Caglar and Bahdanau, Dzmitry and Bougares, Fethi and Schwenk, Holger and Bengio, Yoshua},
  journal={arXiv preprint arXiv:1406.1078},
  year={2014}
}
@article{koutnik2014clockwork,
  title={A clockwork rnn},
  author={Koutnik, Jan and Greff, Klaus and Gomez, Faustino and Schmidhuber, Juergen},
  journal={arXiv preprint arXiv:1402.3511},
  year={2014}
}
@article{rumelhart1988learning,
  title={Learning representations by back-propagating errors},
  author={Rumelhart, David E and Hinton, Geoffrey E and Williams, Ronald J},
  journal={Cognitive modeling},
  volume={5},
  number={3},
  pages={1},
  year={1988}
}
@incollection{bottou2010large,
  title={Large-scale machine learning with stochastic gradient descent},
  author={Bottou, L{\'e}on},
  booktitle={Proceedings of International Conference on Computational Statistics (COMPSTAT)},
  pages={177--186},
  year={2010},
  publisher={Springer}
}
@inproceedings{jin2016annotation,
  title={Annotation order matters: Recurrent image annotator for arbitrary length image tagging},
  author={Jin, Jiren and Nakayama, Hideki},
  booktitle={Proceedings of International Conference on Pattern Recognition (ICPR)},
  volume={1},
  number={2},
  pages={3},
  year={2016}
}
@article{Johnson,
author = {Johnson, Justin and Krishna, Ranjay and Stark, Michael and Li, Li-jia and Shamma, David A and Bernstein, Michael S and Fei-fei, Li},
journal = {The IEEE Conference on Computer Vision and Pattern Recognition (CVPR)},
pages = {3668----3678},
title = {{Image Retrieval using Scene Graphs}},
year = {2015}
}
@article{krishnavisualgenome,
  title={Visual genome: Connecting language and vision using crowdsourced dense image annotations},
  author={Krishna, Ranjay and Zhu, Yuke and Groth, Oliver and Johnson, Justin and Hata, Kenji and Kravitz, Joshua and Chen, Stephanie and Kalantidis, Yannis and Li, Li-Jia and Shamma, David A and others},
  journal={arXiv preprint arXiv:1602.07332},
  year={2016}
}
@article{CewuLuRanjayKrishnaMichaelBernstein,
archivePrefix = {arXiv},
arxivId = {1608.00187},
author = {{Cewu Lu, Ranjay Krishna, Michael Bernstein}, Li Fei-Fei},
eprint = {1608.00187},
journal = {European Conference on Computer Vision (ECCV)},
pages = {852----869},
title = {{Visual Relationship Detection with Language Priors}},
year = {2016}
}

@article{Atzmon2016,
archivePrefix = {arXiv},
arxivId = {1608.07639},
author = {Atzmon, Yuval and Berant, Jonathan and Kezami, Vahid and Globerson, Amir and Chechik, Gal},
eprint = {1608.07639},
journal = {arXiv preprint arXiv:1608.07639},
title = {{Learning to generalize to new compositions in image understanding}},
url = {http://arxiv.org/abs/1608.07639},
year = {2016}
}
@article{Rumelhart1986,
archivePrefix = {arXiv},
arxivId = {arXiv:1011.1669v3},
author = {Rumelhart, David E. and Hinton, Geoffrey E. and Williams, Ronald J.},
doi = {10.1038/323533a0},
eprint = {arXiv:1011.1669v3},
isbn = {0262661160},
issn = {0028-0836},
journal = {Nature},
number = {6088},
pages = {533--536},
pmid = {134},
title = {{Learning representations by back-propagating errors}},
url = {http://books.google.com/books?hl=en{\&}lr={\&}id=FJblV{\_}iOPjIC{\&}oi=fnd{\&}pg=PA213{\&}dq=Learning+representations+by+back-propagating+errors{\&}ots=zZDj2mGYVQ{\&}sig=mcyEACaE{\_}ZB4FB4xsoTgXgcbE2g{\%}5Cnhttp://books.google.com/books?hl=en{\&}lr={\&}id=FJblV{\_}iOPjIC{\&}oi=fnd{\&}pg=PA213{\&}dq=Learn},
volume = {323},
year = {1986}
}
@article{Graves2008,
archivePrefix = {arXiv},
arxivId = {arXiv:1308.0850v1},
author = {Graves, Alex},
doi = {10.1007/978-3-642-24797-2},
eprint = {arXiv:1308.0850v1},
isbn = {2000201075},
issn = {01406736},
journal = {Image Rochester NY},
pages = {124},
pmid = {7491034},
title = {{Supervised Sequence Labelling with Recurrent Neural Networks}},
url = {http://scholar.google.com/scholar?hl=en{\&}btnG=Search{\&}q=intitle:with+Recurrent+Neural+Networks{\#}0{\%}5Cnhttp://books.google.com/books?hl=en{\&}lr={\&}id=4UauNDGQWN4C{\&}oi=fnd{\&}pg=PR1{\&}dq=Supervised+Sequence+Labelling+with+Recurrent+Neural+Networks{\&}ots=IIDL6-VEua{\&}sig=0kOE},
year = {2008}
}

@article{Simonyan2014,
archivePrefix = {arXiv},
arxivId = {1409.1556},
author = {Simonyan, Karen and Zisserman, Andrew},
doi = {10.1016/j.infsof.2008.09.005},
eprint = {1409.1556},
isbn = {0950-5849},
issn = {09505849},
journal = {ImageNet Challenge},
keywords = {cnn,deep,dnn},
mendeley-tags = {cnn,deep,dnn},
pages = {1--10},
title = {{Very Deep Convolutional Networks for Large-Scale Image Recognition}},
url = {http://arxiv.org/abs/1409.1556},
year = {2014}
}
@article{He2015a,
archivePrefix = {arXiv},
arxivId = {1512.03385},
author = {He, Kaiming and Zhang, Xiangyu and Ren, Shaoqing and Sun, Jian},
doi = {10.3389/fpsyg.2013.00124},
eprint = {1512.03385},
isbn = {978-1-4673-6964-0},
issn = {1664-1078},
journal = {Arxiv.Org},
keywords = {deep learning,denoising auto-encoder,image denoising},
number = {3},
pages = {171--180},
pmid = {23554596},
title = {{Deep Residual Learning for Image Recognition}},
url = {http://arxiv.org/pdf/1512.03385v1.pdf},
volume = {7},
year = {2015}
}
@article{Nowozin2010,
author = {Nowozin, Sebastian},
doi = {10.1561/0600000033},
isbn = {978-1601984562},
issn = {1572-2740},
journal = {Foundations and Trends{\textregistered} in Computer Graphics and Vision},
number = {3-4},
pages = {185--365},
title = {{05 - Structured Learning and Prediction in Computer Vision}},
volume = {6},
year = {2010}
}
@article{Xu2015,
  title={Show, attend and tell: Neural image caption generation with visual attention},
  author={Xu, Kelvin and Ba, Jimmy and Kiros, Ryan and Cho, Kyunghyun and Courville, Aaron and Salakhutdinov, Ruslan and Zemel, Richard S and Bengio, Yoshua},
  journal={arXiv preprint arXiv:1502.03044},
  volume={2},
  number={3},
  pages={5},
  year={2015},
  publisher={CoRR}
}
@inproceedings{Karpathy2015,
  title={Deep visual-semantic alignments for generating image descriptions},
  author={Karpathy, Andrej and Fei-Fei, Li},
  booktitle={Proceedings of the IEEE Conference on Computer Vision and Pattern Recognition (CVPR)},
  pages={3128--3137},
  year={2015}
}
@inproceedings{Sadeghi2011,
  title={Recognition using visual phrases},
  author={Sadeghi, Mohammad Amin and Farhadi, Ali},
  booktitle={Proceedings of the IEEE Conference on Computer Vision and Pattern Recognition (CVPR)},
  pages={1745--1752},
  year={2011},
  organization={IEEE}
}
@inproceedings{Girshick2015,
  title={Fast r-cnn},
  author={Girshick, Ross},
  booktitle={Proceedings of the IEEE International Conference on Computer Vision (ICCV)},
  pages={1440--1448},
  year={2015}
}
@inproceedings{Ren2015a,
  title={Faster R-CNN: Towards real-time object detection with region proposal networks},
  author={Ren, Shaoqing and He, Kaiming and Girshick, Ross and Sun, Jian},
  booktitle={Advances in Neural Information Processing Systems (NIPS)},
  pages={91--99},
  year={2015}
}
@inproceedings{Erhan2014,
  title={Scalable object detection using deep neural networks},
  author={Erhan, Dumitru and Szegedy, Christian and Toshev, Alexander and Anguelov, Dragomir},
  booktitle={Proceedings of the IEEE Conference on Computer Vision and Pattern Recognition (CVPR)},
  pages={2147--2154},
  year={2014}
}
@article{Romera-Paredes2015-instance-segmentation,
  title={Recurrent instance segmentation},
  author={Romera-Paredes, Bernardino and Torr, Philip HS},
  journal={arXiv preprint arXiv:1511.08250},
  year={2015}
}@inproceedings{scene_graph,
  title={Image Retrieval using Scene Graphs},
  author={Johnson, Justin and Krishna, Ranjay and Stark, Michael and Li, Li-Jia and Shamma, David and Bernstein, Michael and Fei-Fei, Li},
  booktitle={Proceedings of the IEEE Conference on Computer Vision and Pattern Recognition},
  pages={3668--3678},
  year={2015}
}
@article{lstm,
  title={Long short-term memory},
  author={Hochreiter, Sepp and Schmidhuber, J{\"u}rgen},
  journal={Neural computation},
  volume={9},
  number={8},
  pages={1735--1780},
  year={1997},
  publisher={MIT Press}
}